@proceedings{ABC:1998,
  key       = {ABC:1998},
  booktitle = {2nd Australia and New Zealand Society of Biomechanics Conference},
  title     = {2nd Australia and New Zealand Society of Biomechanics Conference},
  address   = {Auckland, NZ},
  year      = {1998},
}

@proceedings{ANZIAM:2000,
  key       = {ANZIAM:2000},
  booktitle = {ANZIAM 2000. The 36th Applied Mathematics Conference},
  title     = {ANZIAM 2000. The 36th Applied Mathematics Conference},
  address   = {Waitangi, Bay of Islands, NZ},
  year      = {2000},
  month     = feb,
}

@proceedings{CIC:1988,
  key       = {CIC:1988},
  booktitle = {IEEE Computers in Cardiology},
  title     = {IEEE Computers in Cardiology},
  address   = {Washington},
  editor    = {Ripley, K L},
  year      = {1988},
  publisher = {IEEE Computer Society Press},
}

@proceedings{CIC:1991,
  key       = {CIC:1991},
  booktitle = {IEEE Computers in Cardiology},
  title     = {IEEE Computers in Cardiology},
  year      = {1991},
  publisher = {IEEE Computer Society Press},
}

@proceedings{CIC:1992,
  key       = {CIC:1992},
  booktitle = {IEEE Computers in Cardiology},
  title     = {IEEE Computers in Cardiology},
  address   = {Los Alamitos},
  editor    = {Werner, R},
  year      = {1992},
  publisher = {IEEE Computer Society Press},
}

@proceedings{CIC:1993,
  key       = {CIC:1993},
  booktitle = {IEEE Computers in Cardiology},
  title     = {IEEE Computers in Cardiology},
  year      = {1993},
  publisher = {IEEE Computer Society Press},
}

@proceedings{CIC:1994,
  key       = {CIC:1994},
  booktitle = {IEEE Computers in Cardiology},
  title     = {IEEE Computers in Cardiology},
  address   = {Bethesda, MD. USA},
  year      = {1994},
  publisher = {IEEE Computer Society Press},
}

@proceedings{CIC:1995,
  key       = {CIC:1995},
  booktitle = {IEEE Computers in Cardiology},
  title     = {IEEE Computers in Cardiology},
  address   = {Vienna, Austria},
  year      = {1995},
  publisher = {IEEE Computer Society Press},
}

@proceedings{CIC:1998,
  key       = {CIC:1998},
  booktitle = {IEEE Computers in Cardiology},
  title     = {IEEE Computers in Cardiology},
  address   = {Cleveland, OH. USA},
  year      = {1998},
  volume    = {25},
  publisher = {IEEE Computer Society Press},
}

@proceedings{CIC:1999,
  key       = {CIC:1999},
  booktitle = {IEEE Computers in Cardiology},
  title     = {IEEE Computers in Cardiology},
  address   = {Hannover, Germany},
  year      = {1999},
  volume    = {26},
  publisher = {IEEE Computer Society Press},
}

@proceedings{CIC:2000,
  key       = {CIC:2000},
  booktitle = {IEEE Computers in Cardiology},
  title     = {IEEE Computers in Cardiology},
  address   = {Boston, MA. USA},
  year      = {2000},
  volume    = {27},
  publisher = {IEEE Computer Society Press},
}

@proceedings{CIC:2001,
  key       = {CIC:2001},
  booktitle = {IEEE Computers in Cardiology},
  title     = {IEEE Computers in Cardiology},
  address   = {Rotterdam, Netherlands},
  year      = {2001},
  volume    = {28},
  publisher = {IEEE Computer Society Press},
}

@proceedings{CSOANZ:2001,
  key       = {CSOANZ:2001},
  booktitle = {The Cardiac Society of Australia \& New Zealand: 49th Annual Scientific Meeting},
  title     = {The Cardiac Society of Australia \& New Zealand: 49th Annual Scientific Meeting},
  address   = {Auckland, NZ},
  year      = {2001},
}

@proceedings{EB:2000,
  key       = {EB:2000},
  booktitle = {FASEB J.},
  title     = {FASEB J.},
  address   = {San Deigo, CA. USA},
  year      = {2000},
  month     = apr,	
  volume    = {14(4)},
  publisher = {IEEE Computer Society Press},
}

@proceedings{FIMH:2001,
  key       = {FIMH:2001},
  booktitle = {Functional Imaging and Modeling of the Heart, First International Workshop},
  title     = {Functional Imaging and Modeling of the Heart, First International Workshop},
  year      = 2001,
  month     = nov,
  volume    = {2230},
  publisher = {Springer},
  address   = {Helsinki, Finland},
  editor    = {Toivo Katila and Isabelle E. Magnin and Patrick Clarysse and Johan Montagnat and Jukka Nenone},
  series    = {Lecture Notes in Computer Science},
  isbn      = {3-540-42861-5},
  bibsource = {DBLP, http://dblp.uni-trier.de},
}

@proceedings{ICE:2000,
  key       = {ICE:2000},
  booktitle = {Proceedings of the XXVII International Congress on Electrocardiology},
  title     = {Proceedings of the XXVII International Congress on Electrocardiology},
  address   = {Milan, Italy},
  year      = {2000},
  editor    = {De Ambroggi, Luigi},
  publisher = {Casa Editrice Scientifica Internazionale},
}

@proceedings{ICE:2001,
  key       = {ICE:2001},
  booktitle = {XXVIII International Congress on	Electrocardiology},
  title     = {XXVIII International Congress on	Electrocardiology},
  address   = {Sao Paulo, Bazil},
  year      = {2001},
  month     = jun,
}

@proceedings{IEEEEMBS:1991,
  key       = {IEEEEMBS:1991},
  booktitle = {Proceedings of the 13th Annual International Conference of the IEEE Engineering in Medicine and Biology Society},
  title     = {Proceedings of the 13th Annual International Conference of the IEEE Engineering in Medicine and Biology Society},
  address   = {},
  year      = {1991},
  volume    = {13},
  publisher = {IEEE Computer Society Press},
}

@proceedings{IEEEEMBS:1992,
  key       = {IEEEEMBS:1992},
  booktitle = {Proceedings of the 14th Annual International Conference of the IEEE Engineering in Medicine and Biology Society},
  title     = {Proceedings of the 14th Annual International Conference of the IEEE Engineering in Medicine and Biology Society},
  address   = {},
  year      = {1992},
  volume    = {14},
  publisher = {IEEE Computer Society Press},
}

@proceedings{IEEEEMBS:1993,
  key       = {IEEEEMBS:1993},
  booktitle = {Proceedings of the 15th Annual International Conference of the IEEE Engineering in Medicine and Biology Society},
  title     = {Proceedings of the 15th Annual International Conference of the IEEE Engineering in Medicine and Biology Society},
  address   = {San Diego, CA. USA},
  year      = {1993},
  volume    = {15},
  publisher = {IEEE Computer Society Press},
}

@proceedings{IEEEEMBS:1994,
  key       = {IEEEEMBS:1994},
  booktitle = {Engineering Advances: New Opportunities for Biomedical Engineers.  Proceedings of the 16th Annual International Conference of the IEEE Engineering in Medicine and Biology Society},
  title     = {Engineering Advances: New Opportunities for Biomedical Engineers.  Proceedings of the 16th Annual International Conference of the IEEE Engineering in Medicine and Biology Society},
  address   = {Baltimore, MD. USA},
  year      = {1994},
  volume    = {16},
  publisher = {IEEE Computer Society Press},
}

@proceedings{IEEEEMBS:1995,
  key       = {IEEEEMBS:1995},
  booktitle = {Proceedings of the 17th Annual International Conference of the IEEE Engineering in Medicine and Biology Society},
  title   = {Proceedings of the 17th Annual International Conference of the IEEE Engineering in Medicine and Biology Society},
  address   = {},
  year      = {1995},
  volume    = {17},
  publisher = {IEEE Computer Society Press},
}

@proceedings{IEEEEMBS:1996,
  key       = {IEEEEMBS:1996},
  booktitle = {Bridging Disciplines for Biomedicine.  Proceedings of the 18th Annual International Conference of the IEEE Engineering in Medicine and Biology Society},
  title     = {Bridging Disciplines for Biomedicine.  Proceedings of the 18th Annual International Conference of the IEEE Engineering in Medicine and Biology Society},
  address   = {Amsterdam, The Netherlands},
  year      = {1996},
  volume    = {18},
  publisher = {IEEE Computer Society Press},
}

@proceedings{IEEEEMBS:1997,
  key       = {IEEEEMBS:1997},
  booktitle = {Proceedings of the 19th Annual International Conference of the IEEE Engineering in Medicine and Biology Society},
  title     = {Proceedings of the 19th Annual International Conference of the IEEE Engineering in Medicine and Biology Society},
  address   = {Chicago, IL. USA},
  year      = {1997},
  month     = oct,
  volume    = {19},
  publisher = {IEEE Computer Society Press},
}

@proceedings{IEEEEMBS:1998,
  key       = {IEEEEMBS:1998},
  booktitle = {Proceedings of the 20th Annual International Conference of the IEEE Engineering in Medicine and Biology Society},
  title     = {Proceedings of the 20th Annual International Conference of the IEEE Engineering in Medicine and Biology Society},
  address   = {Hong Kong, China},
  year      = {1998},
  volume    = {20},
  publisher = {IEEE Computer Society Press},
}

@proceedings{ISHR:1999,
  key       = {ISHR:1999},
  booktitle = {Journal of Cellular and Molecular Cardiology},
  title     = {Journal of Cellular and Molecular Cardiology},
  address   = {Pakatoa Island, NZ},
  year      = {2000},
  volume    = {32(3)},
  comment   = {Conference proceedings of ISHR 1999 published in Mar 2000}
}

@proceedings{BMESEMBS:1999,
  key       = {BMESEMBS:1999},
  booktitle = {Proceedings of the First Joint BMES/EMBS Conference},
  title     = {Proceedings of the First Joint BMES/EMBS Conference},
  address   = {Atlanta, GA. USA},
  year      = {1999},
  publisher = {IEEE Computer Society Press},
}

@proceedings{IEEEEMBS:2000,
  key       = {IEEEEMBS:2000},
  booktitle = {Proceedings of the 22nd Annual International Conference of the IEEE Engineering in Medicine and Biology Society},
  title     = {Proceedings of the 22nd Annual International Conference of the IEEE Engineering in Medicine and Biology Society},
  address   = {Chicago, IL. USA},
  year      = {2000},
  month     = jul,
  volume    = {22},
  publisher = {IEEE Computer Society Press},
}

@proceedings{IEEEEMBS:2001,
  key       = {IEEEEMBS:2001},
  booktitle = {Proceedings of the 23rd Annual International Conference of the IEEE Engineering in Medicine and Biology Society},
  title     = {Proceedings of the 23rd Annual International Conference of the IEEE Engineering in Medicine and Biology Society},
  address   = {Istanbul, Turkey},
  year      = {2001},
  month     = oct,
  volume    = {23},
  publisher = {IEEE Computer Society Press},
}

@proceedings{IEEEICIP:1994,
  key       = {IEEEICIP:1994},
  booktitle = {ICIP-94. IEEE International Conference on Image Processing},
  title     = {ICIP-94. IEEE International Conference on Image Processing},
  year      = {1994},
  address   = {Austin, TX. USA},
}

@proceedings{ISCE:2001,
  key       = {ISCE:2001},
  booktitle = {Proceedings of 26th Annual Conference of the International Society for Computerized Electrocardiology},
  title     = {Proceedings of 26th Annual Conference of the International Society for Computerized Electrocardiology},
  address   = {Hutchinson Island, FL. USA},
  year      = {2001},
  month     = apr,
}

@proceedings{IUPS:2001,
  key       = {IUPS:2001},
  booktitle = {Proceedings of XXXIV International Congress of Physiological Sciences},
  title     = {Proceedings of XXXIV International Congress of Physiological Sciences},
  address   = {Queenstown, NZ},
  year      = {2001},
  month     = aug,
}

@proceedings{IUPSTIH:2001,
  key       = {IUPSTIH:2001},
  booktitle = {Satellite Meeting of XXXIV International Congress of Physiological Sciences: The integrated heart: Cardiac structure and function},
  title     = {Satellite Meeting of XXXIV International congress of Physiological Sciences: The integrated heart: Cardiac structure and function},
  address   = {Queenstown, NZ},
  year      = {2001},
  month     = aug,
}

@proceedings{NFSI:2001,
  key       = {NFSI:2001},
  booktitle = {Biomed. Technik},
  title     = {Biomedizinische Technik},
  volume    = {46(Suppl 2)},
  year      = {2001},
  month     = sep # "6--9",
  address   = {Innsbruck, Austria},
  editor    = {Fischer, G and Roithinger, F X},
  publisher = {Proceedings of the 3rd International Symposium on Noninvasive Functional Source Imaging within the Human Heart and Brain},
}

@proceedings{PSNZ:2000,
  key       = {PSNZ:2000},
  booktitle = {Proceedings of the Physiological Society of New Zealand},
  title     = {Proceedings of the Physiological Society of New Zealand},
  address   = {Waiheke Island, NZ},
  year      = {2000},
  month     = dec,
  volume    = {19},
}

@book{johnston:book:2001,
  booktitle = {Computational Inverse Problems in Electrocardiography},
  title     = {Computational Inverse Problems in Electrocardiography},
  year      = {2001},
  series    = {Advances in Computational Bioengineering},
  number    = {5},
  editor    = {Peter Johnston},
  publisher = {WIT Press},
}

@book{liebman:book:1987,
  booktitle = {Pediatric and Fundamental Electrocardiography},
  title     = {Pediatric and Fundamental Electrocardiography},
  year      = {1987},
  editor    = {Liebman, J and Plonsey, R and Rudy, Y},
  publisher = {Martinus Nijhoff Publishing},
}

@book{macfarlane:book:1989,
  booktitle = {Comprehensive Electrocardiography.  Theory and Practice in Health and Disease},
  title     = {Comprehensive Electrocardiography.  Theory and Practice in Health and Disease},
  year      = {1989},
  editor    = {Macfarlane, Peter and Lawrie, T D Veitch},
  publisher = {Permagon Press},
}

@book{panfilov:book:1997,
  booktitle = {Computational Biology of the Heart},
  title     = {Computational Biology of the Heart},
  year      = {1997},
  editor    = {Panfilov, A V and Holden, A V},
  publisher = {John Wiley \& Sons Ltd},
  address   = {West Sussex, England},
  comment   = {Panfilov Book of the Utrecht Conference.},
}

@book{zipes:book:1990,
  booktitle = {Cardiac Electrophysiology: From Cell to Bedside},
  title     = {Cardiac Electrophysiology: From Cell to Bedside},
  year      = {1990},
  editor    = {Zipes, D P and Jalife, J},
  publisher = {WB Saunders Co.},
  edition   = {1st},
}

@book{zipes:book:1995,
  booktitle = {Cardiac Electrophysiology: From Cell to Bedside},
  title     = {Cardiac Electrophysiology: From Cell to Bedside},
  year      = {1995},
  editor    = {Zipes, D P and Jalife, J},
  publisher = {WB Saunders Co.},
  edition   = {2nd},
}

@book{zipes:book:2000,
  booktitle = {Cardiac Electrophysiology: From Cell to Bedside},
  title     = {Cardiac Electrophysiology: From Cell to Bedside},
  year      = {2000},
  editor    = {Zipes, D P and Jalife, J},
  publisher = {WB Saunders Co.},
  edition   = {3rd},
}

