@string{ABE       = "Annals of Biomedical Engineering"}
@string{AHJ       = "American Heart Journal"}
@string{AJA       = "American Journal of Anatomy"}
@string{AJBE      = "ASME Journal of Biomechanical Engineering"}
@string{AJC       = "American Journal of Cardiology"}
@string{AJPHCP    = "American Journal of Physiology -- Heart and Circulatory Physiology"}
@string{AMM       = "Applied Mathematical Modelling"}
@string{AMR       = "Applied Mechanics Review"}
@string{ANE       = "Annals of Noninvasive Electrocardiology"}
@string{ANYAS     = "Annals of the New York Academy of Sciences"}
@string{ARBE      = "Annual Reviews Biomedical Engineering"}
@string{ARP       = "Annual Reviews Physiology"}
@string{BECBE     = "Bioelectrochemistry and Bioenergetics"}
@string{BJ        = "Biophysical Journal"}
@string{BJCP      = "British Journal of Clinical Pharmacology"}
@string{BMBL      = "Bulletin of Mathematical Biology"}
@string{BSI       = "Biomedical Sciences Instrumentation"}
@string{CALCOLO   = "Calcolo"}
@string{CBM       = "Computers in Biology \& Medicine"}
@string{CBMP      = "Computers in Biological and Medical Physics"}
@string{CBR       = "Computers and Biomedical Research"}
@string{CHAOS     = "CHAOS"}
@string{CIR       = "Circulation"}
@string{CJP       = "Canadian Journal of Physics"}
@string{CM        = "Computational Mechanics"}
@string{CMAME     = "Computer Methods in Applied Mechanics and Engineering"}
@string{CMIG      = "Computerized Medical Imaging and Graphics"}
@string{CMPB      = "Computer Methods and Programs in Biomedicine"}
@string{COMPEL    = "COMPEL: International Journal for Computation and Mathematics in Electrical and Electronic Engineering"}
@string{CR        = "Circulation Research"}
@string{CRBME     = "Critical Reviews in Biomedical Engineering"}
@string{CRC       = "CRC Press Inc."}
@string{CSF       = "Chaos, Solitons \& Fractals"}
@string{CVR       = "Cardiovascular Research"}
@string{EABE      = "Engineering Analysis With Boundary Elements"}
@string{ECHO      = "Echocardiography: A Journal of Cardiovascular Ultrasound and Allied Techniques"}
@string{IEEEEMB   = "IEEE Engineering in Medicine and Biology Magazine"}
@string{IEEESPM   = "IEEE Signal Processing Magazine"}
@string{IEEETAC   = "IEEE Transactions on Automatic Control"}
@string{IEEETAS   = "IEEE Transactions on Applied Superconductivity"}
@string{IEEETBME  = "IEEE Transactions on Biomedical Engineering"}
@string{IEEETITB  = "IEEE Transactions on Information Technology in Biomedicine"}
@string{IEEETM    = "IEEE Transactions on Magnetics"}
@string{IEEETMI   = "IEEE Transactions on Medical Imaging"}
@string{IEEETPAMI = "IEEE Transactions on Pattern Analysis and Machine Intelligence"}
@string{IJBEM     = "International Journal of Biolectromagnetism"}
@string{IJNME     = "International Journal for Numerical Methods in Engineering"}
@string{IP        = "Inverse Problems"}
@string{ISJ       = "IBM Systems Journal"}
@string{IVC       = "Image and Vision Computing"}
@string{JACC      = "Journal of the American College of Cardiology"}
@string{JACM      = "Journal of the Association of Computing Machinery"}
@string{JAM       = "ASME Journal of Applied Mechanics"}
@string{JAMIA     = "Journal of the American Medical Informatics Association"}
@string{JAP       = "Journal of Applied Physiology"}
@string{JAPC      = "Journal of Applied Physics"}
@string{JASE      = "Journal of the American Society of Electrocardiography"}
@string{JBME      = "ASME Journal of Biomechanical Engineering"}
@string{JCAM      = "Journal of Computational and Applied Mathematics"}
@string{JCEP      = "Journal of Cardiovascular Electrophysiology"}
@string{JCP       = "Journal of Computational Physics"}
@string{JE        = "Journal of Electrocardiology"}
@string{JJEC      = "Japanese Journal of Electrocardiology"}
@string{JMB       = "Journal of Mathematical Biology"}
@string{JMP       = "Journal of Microwave Power"}
@string{JP        = "Journal of Physiology"}
@string{JTB       = "Journal of theoretical Biology"}
@string{LAA       = "Linear Algebra and its Applications"}
@string{LANCET    = "The Lancet"}
@string{MBE       = "Medical \& Biological Engineering"}
@string{MBEC      = "Medical and Biological Engineering and Computing"}
@string{MBS       = "Mathematical Biosciences"}
@string{MEP       = "Medical Engineering \& Physics"}
@string{MIA       = "Medical Image Analysis"}
@string{MMMAS     = "Mathematical Models and Methods in Applied Sciences"}
@string{MP        = "Medical Physics"}
@string{NATURE    = "Nature"}
@string{NM        = "Numerische Mathematik"}
@string{PACE      = "Pacing and Clinical Electrophysiology"}
@string{PBMB      = "Progress in Biophysics \& Molecular Biology"}
@string{PD        = "Physica D: Nonlinear Phenomena"}
@string{PMB       = "Physics in Medicine and Biology"}
@string{PNAS      = "Proceedings of the National Academy of Sciences USA"}
@string{PRE       = "Physical Review E"}
@string{PRL       = "Physical Review Letters"}
@string{PROCIEEE  = "Proceedings of the IEEE"}
@string{PRSLB     = "Proceedings of the Royal Society of London series B"}
@string{PSM       = "Physiological Measurement"}
@string{PSR       = "Physiological Reviews"}
@string{PTRSLA    = "Philosophical Transactions of the Royal Society of London series A"}
@string{PTRSLB    = "Philosophical Transactions of the Royal Society of London series B"}
@string{QJM       = "Q. J. Med."}
@string{RAD       = "Radiology"}
@string{SCIENCE   = "Science"}
@string{SIAM      = "Society for Industrial and Applied Mathematics"}
@string{SIAMAM    = "SIAM Journal on Applied Mathematics"}
@string{SIAMMAA   = "SIAM Journal on Matrix Analysis and Applications"}
@string{SIAMNA    = "SIAM Journal on Numerical Analysis"}
@string{SIAMR     = "SIAM Review"}
@string{SIAMSC    = "SIAM Journal on Sci. Comput."}
@string{SIAMSSC   = "SIAM Journal on Sci. Stat. Comput."}
@string{SP        = "Signal Processing"}
