@string{ABE       = "Ann. Biomed. Eng."}
@string{AHJ       = "Am. Heart J."}
@string{AJA       = "Am. J. Anat."}
@string{AJBE      = "ASME J. Biomech. Eng."}
@string{AJC       = "Am. J. Cardiol."}
@string{AJPHCP    = "Am. J. Physiol. Heart Circ. Physiol."}
@string{AMM       = "Appl. Math. Modelling"}
@string{AMR       = "Appl. Mech. Rev."}
@string{ANE       = "Ann. Noninvasive Electrocardiol."}
@string{ANYAS     = "Ann. N. Y. Acad. Sci."}
@string{ARBE      = "Annu. Rev. Biomed. Eng."}
@string{ARP       = "Annu. Rev. Physiol."}
@string{BECBE     = "Bioelectrochemistry and Bioenergetics"}
@string{BJ        = "Biophys. J."}
@string{BJCP      = "Br J Clin Pharmacol"}
@string{BMBL      = "Bull. Math. Biol."}
@string{BSI       = "Biomedical Sciences Instrumentation"}
@string{CALCOLO   = "Calcolo"}
@string{CBM       = "Comput. Biol. Med."}
@string{CBMP      = "Comput. Biol. Med. Phys."}
@string{CBR       = "Comput. Biomed. Res."}
@string{CHAOS     = "CHAOS"}
@string{CIR       = "Circulation"}
@string{CJP       = "Can. J. Phys."}
@string{CM        = "Computational Mechanics"}
@string{CMAME     = "Computer Methods in Applied Mechanics and Engineering"}
@string{CMIG      = "Comput. Med. Imag. Grap."}
@string{CMPB      = "Comput. Methods Programs Biomed."}
@string{COMPEL    = "COMPEL: Int J for Computation and Maths. in Electrical and Electronic Eng."}
@string{CR        = "Circ. Res."}
@string{CRBME     = "Crit. Rev. Biomed. Eng."}
@string{CRC       = "CRC Press Inc."}
@string{CSF       = "Chaos Solitons Fractals"}
@string{CVR       = "Cardiovasc. Res."}
@string{EABE      = "Engineering Analysis With Boundary Elements"}
@string{ECHO      = "Echocardiography"}
@string{IEEEEMB   = "IEEE Eng. Med. Biol."}
@string{IEEESPM   = "IEEE Signal Processing Magazine"}
@string{IEEETAC   = "IEEE Trans. Automat. Contr."}
@string{IEEETAS   = "IEEE Trans. Appl. Supercond."}
@string{IEEETBME  = "IEEE Trans. Biomed. Eng."}
@string{IEEETITB  = "IEEE Trans. Inform. Technol. Biomed."}
@string{IEEETM    = "IEEE Trans. Magn."}
@string{IEEETMI   = "IEEE Trans. Med. Imag."}
@string{IEEETPAMI = "IEEE Trans. Pattern Anal. Machine Intell."}
@string{IJBEM     = "International Journal of Biolectromagnetism"}
@string{IJNME     = "Int. J. Numer. Methods Eng."}
@string{IP        = "Inverse Problems"}
@string{ISJ       = "IBM Syst. J."}
@string{IVC       = "Image and Vision Computing"}
@string{JACC      = "J. Am. Coll. Cardiol."}
@string{JACM      = "J. Assoc. Comput. Mach."}
@string{JAM       = "ASME J. Appl. Mech."}
@string{JAMIA     = "J. Am. Med. Inform. Assoc."}
@string{JAP       = "J. Appl. Physiol."}
@string{JAPC      = "J. Appl. Phys."}
@string{JASE      = "J. Am. Soc. Electrocardiogr."}
@string{JBME      = "ASME Journal of Biomechanical Engineering"}
@string{JCAM      = "Journal of Computational and Applied Mathematics"}
@string{JCEP      = "J. Cardiovasc. Electrophysiol."}
@string{JCP       = "J. Comput. Phys."}
@string{JE        = "J. Electrocardiol."}
@string{JJEC      = "Jpn. J. Electrocardiology"}
@string{JMB       = "J. Math. Biol."}
@string{JMP       = "Journal of Microwave Power"}
@string{JP        = "J. Physiol."}
@string{JTB       = "J. theor. Biol."}
@string{LAA       = "Linear Algebra Appl."}
@string{LANCET    = "The Lancet"}
@string{MBE       = "Med. \& Biol. Engng."}
@string{MBEC      = "Med. Biol. Eng. Comput."}
@string{MBS       = "Math. Biosci."}
@string{MEP       = "Med. Eng. Phys."}
@string{MIA       = "Med. Image Anal."}
@string{MMMAS     = "Math. Mod. Meth. Appl. Sci."}
@string{MP        = "Med. Phys."}
@string{NATURE    = "Nature"}
@string{NM        = "Numer. Math."}
@string{PACE      = "PACE"}
@string{PBMB      = "Prog. Biophys. Molec. Biol."}
@string{PD        = "Physica D"}
@string{PMB       = "Phys. Med. Biol."}
@string{PNAS      = "Proc. Natl. Acad. Sci. USA"}
@string{PRE       = "Physical Review E"}
@string{PRL       = "Physical Review Letters"}
@string{PROCIEEE  = "Proceedings of the IEEE"}
@string{PRSLB     = "Proc. R. Soc. Lond. B"}
@string{PSM       = "Physiol. Meas."}
@string{PSR       = "Physiol. Rev."}
@string{PTRSLA    = "Phil. Trans. R. Soc. Lond. A"}
@string{PTRSLB    = "Phil. Trans. R. Soc. Lond. B"}
@string{QJM       = "QJM"}
@string{RAD       = "Radiology"}
@string{SCIENCE   = "Science"}
@string{SIAM      = "Society for Industrial and Applied Mathematics"}
@string{SIAMAM    = "SIAM J. Appl. Math."}
@string{SIAMMAA   = "SIAM J. Matr. Anal. Appl."}
@string{SIAMNA    = "SIAM J. Numer. Anal."}
@string{SIAMR     = "SIAM Review"}
@string{SIAMSC    = "SIAM J. Sci. Comput."}
@string{SIAMSSC   = "SIAM J. Sci. Stat. Comput."}
@string{SP        = "Signal Processing"}
