@string{AB="Advances in Bioengineering"}
@string{AACR="Anesth. Analg. Curr. Res."}
@string{ABE="Ann. Biomed. Eng."}
@string{AHJ="Am. Heart J."}
@string{AJA="Am. J. Anat."}
@string{AJAM="ASME J. Appl. Mech."}
@string{AJBE="ASME J. Biomech. Eng."}
@string{AJC="Am. J. Cardiol."}
@string{AJP="Am. J. Physiol."}
@string{AMM="Applied Mathematical Modelling"}
@string{AMR="Appl. Mech. Rev."}
@string{ANYAS="Ann. N. Y. Acad. Sci."}
@string{AP="Academic Press"}
@string{APESM="Australasian Physical and Engineering Sciences in Medicine"}
@string{APS="Am. Physiol. Soc."}
@string{AR="Anat. Rec."}
@string{ASMEJBE="ASME J. Biomech. Eng."}
@string{BCJ="Biochem. J."}
@string{BEA="BE Abstracts"}
@string{BEC="Boundary Element Communications"}
@string{BHJ="Br. Heart J."}
@string{BIO="Biophysics"}
@string{BIOF="Biofizika"}
@string{BIOR="Biorheology"}
@string{BJ="Biophys. J."}
@string{BMB="Bull. Math. Biophys."}
@string{BRB="Brain Res. Bull."}
@string{BRC="Basic Res. Cardiol."}
@string{BT="Brain Topography"}
@string{CC="Clin. Cardiol."}
@string{CARDRES="Cardiovascular Research"}
@string{CBM="Comput. Biol. Med."}
@string{CBR="Comput. Biomed. Res."}
@string{CHAOS="CHAOS"}
@string{CIR="Circulation"}
@string{CJP="Can. J. Phys."}
@string{CM="Computational Mechanics"}
@string{CMAME="Computer Methods in Applied Mechanics and Engineering"}
@string{CMPSV="Computational Mechanics Publications and Springer-Verlag"}
@string{CR="Circ. Res."}
@string{CRBME="Crit. Rev. Biomed. Eng."}
@string{CRC="CRC Press Inc."}
@string{CSF="Chaos, Solitons \& Fractals"}
@string{CTB="Comments. Theor. Biol."}
@string{CTR="Cell Tissue Res."}
@string{CVGIP="Comput. Vision Graphics Image Process."}
@string{CVR="Cardiovasc. Res."}
@string{CRBE="Crit. Rev. Biomed. Eng."}
@string{EABE="Engineering Analysis With Boundary Elements"}
@string{EEGCN="Electroenceph. Clin. Neurophysiol."}
@string{EHJ="Eur. Heart J."}
@string{EJC="Eur. J. Cardiol."}
@string{EN="Experimental Neurology"}
@string{EP="Experimental Physiology"}
@string{FJ="FASEB J."}
@string{HCP="Heart CIR. Physiol."}
@string{HR="Hear. Res."}
@string{IEEETBME="IEEE Trans. Biomed. Eng."}
@string{IEEETM="IEEE Trans. Magn."}
@string{IEEETPAMI="IEEE Trans. Pattern Anal. Machine Intell."}
@string{IJBC="International Journal of Bifurcation and Chaos"}
@string{IJNME="Int. J. Numer. Methods Eng."}
@string{ITBM="Innov. Technol. Biol. Med."}
@string{JAM="ASME Journal of Applied Mechanics"}
@string{JAP="J. Appl. Physiol."}
@string{JAPC="Journal of Applied Physics"}
@string{JB="J. Biomech."}
@string{JBE="J. Biomed. Eng."}
@string{JBT="J. Biotech."}
@string{JCEP="J. Cardiovasc. Electrophysiol."}
@string{JCI = "J. Cli. Invest."}
@string{JCP="J. Comput. Phys."}
@string{JCPh="Journal of Cardiovascular Pharmacology"}
@string{JE="J. Electrocardiol."}
@string{JGP="J. Gen. Physiol."}
@string{JHMJ="Johns Hopkins Med. J."}
@string{JIMA="Journal of the Institute of Mathematics Applications"}
@string{JJEC="Jpn. J. Electrocardiol."}
@string{JMB="J. Math. Biol."}
@string{JMCC="J. Mol. Cell Cardiol."}
@string{JP="J. Physiol."}
@string{JPL="J. Physiol. Lond."}
@string{JTB="J. Theor. Biol."}
@string{LI="Lab. Invest."}
@string{MBS="Math. Biosci."}
@string{MBE="Med. \& Biol. Engng."}
@string{MBEC="Med. Biol. Eng. Comput."}
@string{NATURE="Nature"}
@string{PA="Pflueg. Arch."}
@string{PACE="PACE"}
@string{PBMB="Prog. Biophys. molec. Biol."}
@string{PBC="Prog. Biophys. Chem."}
@string{PCD="Prog. Cardiovasc. Dis."}
@string{PD="Physica D"}
@string{PIRE="Proc. Inst. Radio Engineers"}
@string{PM="Phil. Mag."}
@string{PNAS="Proc. Natl. Acad. Sci. USA"}
@string{PRL="Physical Review Letters"}
@string{PROCIEEE="Proceedings of the IEEE"}
@string{PRSL="Proc. R. Soc. Lond."}
@string{PTPS="Phil. Trans. Physical Sciences"}
@string{PTRSL="Phil. Trans. R. Soc. Lond."}
@string{RAD="Radiology"}
@string{SCIENCE="Science"}
@string{SIAM="SIAM J. Appl. Math."}
@string{SIAMR="SIAM Review"}
@string{HPC="High-Performance Computing in Biomedical Research"}
@string{HPCed="T C Pilkington and others"}
@string{HPCpub="CRC Press Inc."}
@string{IEEEP="IEEE Press."}
@string{LGL="Longman Group Limited"}
@string{MGH="McGraw-Hill Book Company Inc."}
@string{Mos="Mosby"}
@string{Mosaddr="11830 Westline Industrial Drive, St. Louis, Missouri 63146"}
@string{PH="Prentice-Hall, Inc."}
@string{PHaddr="Englewood Cliffs, New Jersey"}
@string{RP="1185 Avenue of the Americas, New York 10036"}
@string{RPaddr="Raven Press, Ltd."}
@string{SV="Springer-Verlag"}
@string{UNKNOWN="*** Unknown ***"}


@book{zienkiewicz:2006_1,
	abstract = {The sixth editions of these seminal books deliver the most up to date and
comprehensive reference yet on the finite element method for all engineers and
mathematicians. Renowned for their scope, range and authority, the new
editions have been significantly developed in terms of both contents and
scope. Each book is now complete in its own right and provides self-contained
reference; used together they provide a formidable resource covering the
theory and the application of the universally used FEM. Written by the leading
professors in their fields, the three books cover the basis of the method, its
application to solid mechanics and to fluid dynamics.


* This is THE classic finite element method set, by two the subject's leading
authors

* FEM is a constantly developing subject, and any professional or student of
engineering involved in understanding the computational modelling of physical
systems will inevitably use the techniques in these books

* Fully up-to-date; ideal for teaching and reference},
	author = {Zienkiewicz, O. C. and Taylor, R. L.},
	citeulike-article-id = {3905720},
	citeulike-linkout-0 = {http://www.amazon.ca/exec/obidos/redirect?tag=citeulike09-20&amp;path=ASIN/0750664312},
	citeulike-linkout-1 = {http://www.amazon.de/exec/obidos/redirect?tag=citeulike01-21&amp;path=ASIN/0750664312},
	citeulike-linkout-2 = {http://www.amazon.fr/exec/obidos/redirect?tag=citeulike06-21&amp;path=ASIN/0750664312},
	citeulike-linkout-3 = {http://www.amazon.jp/exec/obidos/ASIN/0750664312},
	citeulike-linkout-4 = {http://www.amazon.co.uk/exec/obidos/ASIN/0750664312/citeulike00-21},
	citeulike-linkout-5 = {http://www.amazon.com/exec/obidos/redirect?tag=citeulike07-20&path=ASIN/0750664312},
	citeulike-linkout-6 = {http://www.worldcat.org/isbn/0750664312},
	citeulike-linkout-7 = {http://books.google.com/books?vid=ISBN0750664312},
	citeulike-linkout-8 = {http://www.amazon.com/gp/search?keywords=0750664312&index=books&linkCode=qs},
	citeulike-linkout-9 = {http://www.librarything.com/isbn/0750664312},
	edition = {6},
	howpublished = {Hardcover},
	isbn = {0750664312},
	keywords = {computation, fem, mechanics, simulation},
	month = {January},
	posted-at = {2009-04-15 16:29:50},
	priority = {2},
	publisher = {Butterworth-Heinemann},
	title = {The Finite Element Method Set, Sixth Edition},
	url = {http://www.amazon.com/exec/obidos/redirect?tag=citeulike07-20&path=ASIN/0750664312},
	year = {2006}
}


@book{hutton:2004,
    author    = {Hutton, D. V.},
    publisher = {McGraw-Hill},    
    title     = {Fundamentals of Finite Element Analysis},
    year      = {2004}
}

@book{reddy:2004,
    author    = {Reddy, J. N.},
    publisher = {Oxford},    
    title     = {An Introduction to Nonlinear Finite Element Analysis},
    year      = {2004}
}

@book{reddy:1993,
    author    = {Reddy, J. N.},
    publisher = {McGraw-Hill},    
    title     = {An Introduction to Finite Element Method},
    year      = {1993}
}

@book{bonet:2008,
    author    = {Bonet, J. and Wood, R.D.},
    publisher = {Cambridge},    
    title     = {Nonlinear Continuum Mechanics for Finite Element Analysis},
    year      = {2008}
}

@book{oden:2006,
    author    = {Oden, J. T.},
    publisher = {Dover},    
    title     = {Finite Element Nonlinear Continua},
    year      = {2006}
}

@book{coussy:2004,
    address = {West Sussex},
    author = {Coussy, Olivier},
    publisher = {John Wiley \& Sons},
    title = {{Poromechanics}},
    year = {2004}
}

@book{chung:2010,
	address = {Cambridge; New York},
	title = {Computational fluid dynamics},
	isbn = {9780521769693 0521769698},
	abstract = {{"In} this second edition of Computational Fluid Dynamics, the author presents up-to-date treatments of all computational methods of fluid dynamics, while maintaining the original idea of including all computational fluid dynamics methods. The breadth of information sets this book apart from its competitors and allows the instructor to adopt this book, selecting only those subject areas of his or her interest. The second edition includes a new section on preconditioning for {EBE-GMRES} and a complete revision of the section on flow field-dependent variation methods, which demonstrates more detailed computational processes and includes additional example problems. Homework examples facilitate students and practitioners intending to develop a large-scale computer code"-- {"The} development of modern computational fluid dynamics {(CFD)} began with the advent of the digital computer in the early 1950s. Finite difference methods {(FDM)} and finite element methods {(FEM)}, which are the basic tools used in the solution of partial differential equations in general and {CFD} in particular, have different origins. In 1910, at the Royal Society of London, Richardson presented a paper on the first {FDM} solution for the stress analysis of a masonry dam. In contrast, the first {FEM} work was published in the Aeronautical Science Journal by Turner, Clough, Martin, and Topp for applications to aircraft stress analysis in 1956. Since then, both methods have been developed extensively in fluid dynamics"--},
	publisher = {Cambridge University Press},
	author = {Chung, T. J},
	year = {2010}
}

@book{gresho:2000,
	address = {Chichester},
	title = {Incompressible flow and the finite element method. Vol. 1, Advection-diffusion},
	isbn = {0471492493 9780471492498},
	publisher = {Wiley},
	author = {Gresho, P. M and Sani, Robert L and Engelman, M. S},
	year = {2000}
}

@book{heinrich:1999,
	address = {Philadelphia, {PA}},
	title = {Intermediate finite element method : fluid flow and heat transfer applications},
	isbn = {1560323094 9781560323099},
	shorttitle = {Intermediate finite element method},
	publisher = {Taylor \& Francis},
	author = {Heinrich, Juan C and Pepper, D. W},
	year = {1999}
}

@article{chapelle:2010,
    abstract = {This paper is motivated by the modeling of blood flows through the beating myocardium, namely cardiac perfusion. As in other works, perfusion is modeled here as a flow through a poroelastic medium. The main contribution of this study is the derivation of a general poroelastic model valid for a nearly incompressible medium which experiences finite deformations. A numerical procedure is proposed to iteratively solve the porous flow and the nonlinear poroviscoelastic problems. Three-dimensional numerical experiments are presented to illustrate the model. The first test cases consist of typical poroelastic configurations: swelling and complete drainage. Finally, a simulation of cardiac perfusion is presented in an idealized left ventricle embedded with active fibers. Results show the complex temporal and spatial interactions of the muscle and blood, reproducing several key phenomena observed in cardiac perfusion.},
    author = {Chapelle, D and Gerbeau, J-F and Sainte-Marie, J and Vignon-Clementel, I E},
    doi = {10.1007/s00466-009-0452-x},
    issn = {0178-7675},
    journal = CM,
    number = {1},
    pages = {91--101},
    title = {{A poroelastic model valid in large strains with applications to perfusion in cardiac modeling}},
    url = {http://www.springerlink.com/index/10.1007/s00466-009-0452-x},
    volume = {46},
    year = {2010}
}

@article{masud:2002,
    author = {Masud, A and Hughes, T J R},
    doi = {10.1016/S0045-7825(02)00371-7},
    journal = CMAME,
    number = {39-40},
    pages = {4341--4370},
    title = {{A stabilized mixed finite element method for Darcy flow}},
    volume = {191},
    year = {2002}
}
